@book{DBSYS,
  author      = {Garcia-Molina, and Hector, Hector and Ullman, and D, Jeffrey and Widom, and Jennifer,},
  year        = {2002},
  month       = {01},
  title       = {Database Systems: The Complete Book}
}

@book{DEVHOST,
  title       = {Developing and Hosting Applications on the Cloud},
  author      = {Alex Amies and Harm Sluiman and Qiang Guo Tong and Guo Ning Liu},
  publisher   = {IBM Press},
  year        = {2012}
}

@online{FIREBASE_MAIN,
  title       = {Strona główna Google Firebase},
  author      = {Google Inc.},
  url         = {https://firebase.google.com/},
  urldate     = {2022-04-07}
}

@online{FIREBASE_BUILD,
  title       = {Google Firebase Build Products},
  author      = {Google Inc.},
  url         = {https://firebase.google.com/products-build},
  urldate     = {2022-04-07}
}

@online{FIREBASE_AUTH,
  title       = {Google Firebase Authentication},
  author      = {Google Inc.},
  url         = {https://firebase.google.com/products/auth},
  urldate     = {2022-04-07}
}

@online{FIREBASE_FIRESTORE,
  title       = {Google Firebase Cloud Firestore},
  author      = {Google Inc.},
  url         = {https://firebase.google.com/products/firestore},
  urldate     = {2022-04-07}
}

@online{FIRESTORE_DOCS,
  title       = {Dokumentacja Cloud Firestore},
  author      = {Google Inc.},
  url         = {https://firebase.google.com/docs/firestore},
  urldate     = {2022-04-07}
}

@online{FIRESTORE_IDX,
  title       = {Indeksowanie in Cloud Firestore},
  author      = {Google Inc.},
  url         = {https://firebase.google.com/docs/firestore/query-data/indexing},
  urldate     = {2022-04-07}
}

@online{FIRESTORE_SCALE,
  title       = {Skalowanie w Cloud Firestore},
  author      = {Google Inc.},
  url         = {https://cloud.google.com/architecture/building-scalable-apps-with-cloud-firestore},
  urldate     = {2022-04-07}
}

@online{MAPS,
  title       = {Strona główna Google Maps Platform},
  author      = {Google Inc.},
  url         = {https://mapsplatform.google.com/},
  urldate     = {2022-04-07}
}

@online{MAPS_API,
  title       = {Produkty Google Maps Platform},
  author      = {Google Inc.},
  url         = {https://mapsplatform.google.com/maps-products/},
  urldate     = {2022-04-07}
}

@online{GCP_OVERVIEW,
  title       = {Przegląd Google Cloud},
  author      = {Google Inc.},
  url         = {https://cloud.google.com/docs/overview},
  urldate     = {2022-04-07}
}

@online{GCP_PRODUCTS,
  title       = {Produkty Google Cloud},
  author      = {Google Inc.},
  url         = {https://cloud.google.com/products},
  urldate     = {2022-04-07}
}

@online{OHA,
  title       = {Strona główna Open Handset Alliance},
  url         = {https://www.openhandsetalliance.com/index.html},
  urldate     = {2022-04-07}
}

@online{OS_SHARE,
  title       = {Mobile operating systems' market share worldwide from January 2012 to January 2022 },
  url         = {https://www.statista.com/statistics/272698/global-market-share-held-by-mobile-operating-systems-since-2009/},
  author      = {Statista},
  urldate     = {2022-04-07}
}

@online{KT_MAIN,
  title       = {Strona główna języka Kotlin},
  author      = {JetBrains s.r.o.},
  url         = {https://kotlinlang.org/},
  urldate     = {2022-04-07}
}

@online{KTDOC,
  title       = {Dokumentacja języka Kotlin},
  author      = {JetBrains s.r.o.},
  url         = {https://kotlinlang.org/docs/getting-started.html},
  urldate     = {2022-04-07}
}

@online{ANDROID_KT,
  title       = {Android's Kotlin-first approach},
  author      = {Google Inc.},
  url         = {https://developer.android.com/kotlin/first},
  urldate     = {2022-04-07}
}

@online{VIEW,
  title       = {Dokumentacja klasy View},
  author      = {Google Inc.},
  url         = {https://developer.android.com/reference/android/view/View},
  urldate     = {2022-04-13}
}

@online{CHIPS,
  title       = {Chips, overview},
  author      = {Google Inc.},
  url         = {https://m3.material.io/components/chips/overview},
  urldate     = {2022-04-13}
}

@online{CHIPS_GL,
  title       = {Chips, guidelines},
  author      = {Google Inc.},
  url         = {https://m3.material.io/components/chips/guidelines},
  urldate     = {2022-04-13}
}

@online{THEME,
  title       = {Material Theme Builder},
  author      = {Google Inc.},
  url         = {https://material-foundation.github.io/material-theme-builder/#/custom},
  urldate     = {2022-04-13}
}

@online{JETPACK,
  title       = {Strona główna Android Jetpack},
  author      = {Google Inc.},
  url         = {https://developer.android.com/jetpack},
  urldate     = {2022-04-13}
}

@online{LIFECYCLE,
  title       = {The Activity Lifecycle},
  author      = {Google Inc.},
  url         = {https://developer.android.com/guide/components/activities/activity-lifecycle},
  urldate     = {2022-04-13}
}

@online{MEET_AS,
  title       = {Meet Android Studio},
  author      = {Google Inc.},
  url         = {https://developer.android.com/studio/intro},
  urldate     = {2022-04-07}
}

@online{GEOHASH,
  title       = {Geo queries},
  author      = {Google Inc.},
  url         = {https://firebase.google.com/docs/firestore/solutions/geoqueries},
  urldate     = {2022-04-11}
}

@online{VOLLEY,
  title       = {Volley},
  author      = {Google Inc.},
  url         = {https://google.github.io/volley/},
  urldate     = {2022-04-15}
}

@online{ROUTES,
  title       = {Elementy składowe obiektu DirectionsResult},
  author      = {Google Inc.},
  url         = {https://developers.google.com/maps/documentation/javascript/directions#Routes},
  urldate     = {2022-04-15}
}

@online{STEAM,
  title       = {Browse Steam Your Way, Introducing Steam Tags, A Powerful New Way to Shop For Games},
  author      = {Valve Corporation},
  url         = {https://store.steampowered.com/tag/},
  urldate     = {2022-04-11}
}

@misc{RYNEK,
  author       = {Sławek Ilski},
  date         = {2012-07-27},
  title        = {Wrocław — Rynek — Panorama z kościoła p.w. św. Elżbiety},
  note         = {(term. wiz. 16.04.2022)},
  url          = {https://web.archive.org/web/20161024173922/http://www.panoramio.com/photo/76098529},
}